0                 01UFS       Uniting Resources - HR    420282PAY FE010917230817                                        
1634-634000052001 130000001000UR At Call Inves                PayrollDDRFE010917634-634100053992DD UNITING RESOU00000000
1634-634100052023 130000001000UR At Call Inves                PayrollDDRFE010917634-634100053992DD UNITING RESOU00000000
1634-634100052077 130000001000UR At Call Inves                PayrollDDRFE010917634-634100053992DD UNITING RESOU00000000
1634-634100052057 130000001000UR At Call Inves                PayrollDDRFE010917634-634100053992DD UNITING RESOU00000000
7999-999            000000400000000000000000004000                        000004                                        
