0                 01UFS       UNIT CHURCH NSW.ACT       126416PAY         120221                                        
1634-634100052003 530000001000KB & S Day                      023648000000000000634-634100020384St Stephens CHQ 00000000
1634-634100052005 530000001000Lesley Carter                   027114000000000000634-634100033275Baulkham HIlls U00000000
1634-634100052006 530000001000D A & S Van Doorene             022501000000000000634-634100033275Baulkham HIlls U00000000
1634-634100052007 530000001000Shamali Perera                  027113000000000000634-634100033275Baulkham HIlls U00000000
1634-634100052008 530000001000Gledson Michael                 022393000000000000634-634100011658Gymea-Miranda UC00000000
1634-634100052009 530000001000Lee Hye Kyoung                  011794000000000000634-634100011658Gymea-Miranda UC00000000
1634-634100052011 530000001000K M Myint                       022520000000000000634-634100020500Canberra Central00000000
1634-634100052012 530000001000Rev G Dornan Mrs G Dornan       019183000000000000634-634100020500Canberra Central00000000
1634-634100052013 530000001000JE & AG Wright                  027218000000000000634-634100020500Canberra Central00000000
7999-999            000000900000000090000000000000                        000009                                        
